@article{yang2018analysis,
  title={Analysis of optimal transport and related misfit functions in full-waveform inversion},
  author={Yang, Yunan and Engquist, Bj{\"o}rn},
  journal={Geophysics},
  volume={83},
  number={1},
  pages={A7--A12},
  year={2018},
  publisher={Society of Exploration Geophysicists}
}

@article{yang2018application,
  title={Application of optimal transport and the quadratic Wasserstein metric to full-waveform inversion},
  author={Yang, Yunan and Engquist, Bj{\"o}rn and Sun, Junzhe and Hamfeldt, Brittany F},
  journal={Geophysics},
  volume={83},
  number={1},
  pages={R43--R62},
  year={2018},
  publisher={Society of Exploration Geophysicists}
}

@article{engquist2018seismic,
  title={Seismic inversion and the data normalization for optimal transport},
  author={Engquist, Bj{\"o}rn and Yang, Yunan},
  journal={arXiv preprint arXiv:1810.08686},
  year={2018}
}

@book{villani2021topics,
  title={Topics in optimal transportation},
  author={Villani, C{\'e}dric},
  volume={58},
  year={2021},
  publisher={American Mathematical Soc.}
}

@article{virieux2009overview,
  title={An overview of full-waveform inversion in exploration geophysics},
  author={Virieux, Jean and Operto, St{\'e}phane},
  journal={Geophysics},
  volume={74},
  number={6},
  pages={WCC1--WCC26},
  year={2009},
  publisher={Society of Exploration Geophysicists}
}

@article{chen2018quadratic,
  title={The quadratic Wasserstein metric for earthquake location},
  author={Chen, Jing and Chen, Yifan and Wu, Hao and Yang, Dinghui},
  journal={Journal of Computational Physics},
  volume={373},
  pages={188--209},
  year={2018},
  publisher={Elsevier}
}

@article{zhou2018wasserstein,
  title={The Wasserstein-Fisher-Rao metric for waveform based earthquake location},
  author={Zhou, DT and Chen, JING and Wu, H and Yang, DH and Qiu, LY},
  journal={arXiv preprint arXiv:1812.00304},
  year={2018}
}

@article{tarantola1982generalized,
  title={Generalized nonlinear inverse problems solved using the least squares criterion},
  author={Tarantola, Albert and Valette, Bernard},
  journal={Reviews of Geophysics},
  volume={20},
  number={2},
  pages={219--232},
  year={1982},
  publisher={Wiley Online Library}
}

@article{metivier2018optimal,
  title={Optimal transport for mitigating cycle skipping in full-waveform inversion: A graph-space transform approach},
  author={M{\'e}tivier, Ludovic and Allain, Aude and Brossier, Romain and M{\'e}rigot, Quentin and Oudet, Edouard and Virieux, Jean},
  journal={Geophysics},
  volume={83},
  number={5},
  pages={R515--R540},
  year={2018},
  publisher={Society of Exploration Geophysicists}
}

@article{engquist2020optimal,
  title={Optimal transport based seismic inversion: Beyond cycle skipping},
  author={Engquist, Bj{\"o}rn and Yang, Yunan},
  journal={Communications on Pure and Applied Mathematics},
  year={2020},
  publisher={Wiley Online Library}
}

@article{gangbo2019unnormalized,
  title={Unnormalized optimal transport},
  author={Gangbo, Wilfrid and Li, Wuchen and Osher, Stanley and Puthawala, Michael},
  journal={Journal of Computational Physics},
  volume={399},
  pages={108940},
  year={2019},
  publisher={Elsevier}
}

@article{zhou2018wasserstein,
  title={The Wasserstein-Fisher-Rao metric for waveform based earthquake location},
  author={Zhou, DT and Chen, JING and Wu, H and Yang, DH and Qiu, LY},
  journal={arXiv preprint arXiv:1812.00304},
  year={2018}
}
@article{peyre2018comparison,
  title={Comparison between W2 distance and á¸¢- 1 norm, and localization of wasserstein distance},
  author={Peyre, R{\'e}mi},
  journal={ESAIM: Control, Optimisation and Calculus of Variations},
  volume={24},
  number={4},
  pages={1489--1501},
  year={2018},
  publisher={EDP Sciences}
}

@article{virieux2009overview,
  title={An overview of full-waveform inversion in exploration geophysics},
  author={Virieux, Jean and Operto, St{\'e}phane},
  journal={Geophysics},
  volume={74},
  number={6},
  pages={WCC1--WCC26},
  year={2009},
  publisher={Society of Exploration Geophysicists}
}

@article{brossier2010data,
  title={Which data residual norm for robust elastic frequency-domain full waveform inversion?},
  author={Brossier, Romain and Operto, St{\'e}phane and Virieux, Jean},
  journal={Geophysics},
  volume={75},
  number={3},
  pages={R37--R46},
  year={2010},
  publisher={Society of Exploration Geophysicists}
}

@article{yang2021implicit,
  title={Implicit Regularization Effects of the Sobolev Norms in Image Processing},
  author={Yang, Yunan and Hu, Jingwei and Lou, Yifei},
  journal={arXiv preprint arXiv:2109.06255},
  year={2021}
}

@article{xie20183,
  title={3-D upper-mantle shear velocity model beneath the contiguous united states based on broadband surface wave from ambient seismic noise},
  author={Xie, Jun and Chu, Risheng and Yang, Yingjie},
  journal={Pure and Applied Geophysics},
  volume={175},
  number={10},
  pages={3403--3418},
  year={2018},
  publisher={Springer}
}

@book{fichtner2010full,
  title={Full seismic waveform modelling and inversion},
  author={Fichtner, Andreas},
  year={2010},
  publisher={Springer Science \& Business Media}
}

@incollection{lomax2000probabilistic,
  title={Probabilistic earthquake location in 3D and layered models},
  author={Lomax, Anthony and Virieux, Jean and Volant, Philippe and Berge-Thierry, Catherine},
  booktitle={Advances in seismic event location},
  pages={101--134},
  year={2000},
  publisher={Springer}
}

@article{fichtner2011resolution,
  title={Resolution analysis in full waveform inversion},
  author={Fichtner, Andreas and Trampert, Jeannot},
  journal={Geophysical Journal International},
  volume={187},
  number={3},
  pages={1604--1624},
  year={2011},
  publisher={Blackwell Publishing Ltd Oxford, UK}
}

@article{bunks1995multiscale,
  title={Multiscale seismic waveform inversion},
  author={Bunks, Carey and Saleck, Fatimetou M and Zaleski, S and Chavent, G},
  journal={Geophysics},
  volume={60},
  number={5},
  pages={1457--1473},
  year={1995},
  publisher={Society of Exploration Geophysicists}
}

@article{fichtner2013multiscale,
  title={Multiscale full waveform inversion},
  author={Fichtner, Andreas and Trampert, Jeannot and Cupillard, Paul and Saygin, Erdinc and Taymaz, Tuncay and Capdeville, Yann and Villasenor, Antonio},
  journal={Geophysical Journal International},
  volume={194},
  number={1},
  pages={534--556},
  year={2013},
  publisher={Oxford University Press}
}

@incollection{phillips2002induced,
  title={Induced microearthquake patterns in hydrocarbon and geothermal reservoirs: six case studies},
  author={Phillips, W Scott and Rutledge, James T and House, Leigh S and Fehler, Michael C},
  booktitle={The mechanism of induced seismicity},
  pages={345--369},
  year={2002},
  publisher={Springer}
}

@article{parotidis2004back,
  title={Back front of seismicity induced after termination of borehole fluid injection},
  author={Parotidis, M and Shapiro, Serge A and Rothert, Elmar},
  journal={Geophysical research letters},
  volume={31},
  number={2},
  year={2004},
  publisher={Wiley Online Library}
}

@article{zhou2010microseismic,
  title={Microseismic event location for monitoring CO 2 injection using double-difference tomography},
  author={Zhou, Rongmao and Huang, Lianjie and Rutledge, James},
  journal={The Leading Edge},
  volume={29},
  number={2},
  pages={208--214},
  year={2010},
  publisher={Society of Exploration Geophysicists}
}

@article{dong2016discrimination,
  title={Discrimination of mine seismic events and blasts using the fisher classifier, naive bayesian classifier and logistic regression},
  author={Dong, Longjun and Wesseloo, Johan and Potvin, Yves and Li, Xibing},
  journal={Rock Mechanics and Rock Engineering},
  volume={49},
  number={1},
  pages={183--211},
  year={2016},
  publisher={Springer}
}

@article{mousavi2016adaptive,
  title={Adaptive noise estimation and suppression for improving microseismic event detection},
  author={Mousavi, S Mostafa and Langston, Charles A},
  journal={Journal of Applied Geophysics},
  volume={132},
  pages={116--124},
  year={2016},
  publisher={Elsevier}
}

@incollection{sun2015investigating,
  title={Investigating the possibility of locating microseismic sources using distributed sensor networks},
  author={Sun, Junzhe and Zhu, Tieyuan and Fomel, Sergey and Song, Wen-Zhan},
  booktitle={SEG Technical Program Expanded Abstracts 2015},
  pages={2485--2490},
  year={2015},
  publisher={Society of Exploration Geophysicists}
}

@article{nakata2016reverse,
  title={Reverse time migration for microseismic sources using the geometric mean as an imaging condition},
  author={Nakata, Nori and Beroza, Gregory C},
  journal={Geophysics},
  volume={81},
  number={2},
  pages={KS51--KS60},
  year={2016},
  publisher={Society of Exploration Geophysicists}
}

@article{ren2021separability,
  title={Separability of the Kernel Function in an Integral Formulation for the Anisotropic Radiative Transfer Equation},
  author={Ren, Kui and Zhao, Hongkai and Zhong, Yimin},
  journal={SIAM Journal on Mathematical Analysis},
  volume={53},
  number={5},
  pages={5613--5645},
  year={2021},
  publisher={SIAM}
}

@article{engquist2018approximate,
  title={Approximate separability of the Green's function of the Helmholtz equation in the high frequency limit},
  author={Engquist, Bj{\"o}rn and Zhao, Hongkai},
  journal={Communications on Pure and Applied Mathematics},
  volume={71},
  number={11},
  pages={2220--2274},
  year={2018},
  publisher={Wiley Online Library}
}

@article{chen2021compact,
  title={A Compact Program for 3D Passive Seismic Source-Location Imaging},
  author={Chen, Yangkang and Saad, Omar M and Bai, Min and Liu, Xingye and Fomel, Sergey},
  journal={Seismological Society of America},
  volume={92},
  number={5},
  pages={3187--3201},
  year={2021}
}

@article{schiessel1995generalized,
  title={Generalized viscoelastic models: their fractional equations with solutions},
  author={Schiessel, H and Metzler, R and Blumen, A and Nonnenmacher, TF0921},
  journal={Journal of physics A: Mathematical and General},
  volume={28},
  number={23},
  pages={6567},
  year={1995},
  publisher={IOP Publishing}
}

@book{fichtner2010full,
  title={Full seismic waveform modelling and inversion},
  author={Fichtner, Andreas},
  year={2010},
  publisher={Springer Science \& Business Media}
}

@article{tarantola1984inversion,
  title={Inversion of seismic reflection data in the acoustic approximation},
  author={Tarantola, Albert},
  journal={Geophysics},
  volume={49},
  number={8},
  pages={1259--1266},
  year={1984},
  publisher={Society of Exploration Geophysicists}
}

@article{gauthier1986two,
  title={Two-dimensional nonlinear inversion of seismic waveforms: Numerical results},
  author={Gauthier, Odile and Virieux, Jean and Tarantola, Albert},
  journal={Geophysics},
  volume={51},
  number={7},
  pages={1387--1403},
  year={1986},
  publisher={Society of Exploration Geophysicists}
}

@article{crase1990robust,
  title={Robust elastic nonlinear waveform inversion: Application to real data},
  author={Crase, E and Pica, A and Noble, Mark and McDonald, J and Tarantola, A},
  journal={Geophysics},
  volume={55},
  number={5},
  pages={527--538},
  year={1990},
  publisher={Society of Exploration Geophysicists}
}

@article{van2010correlation,
  title={A correlation-based misfit criterion for wave-equation traveltime tomography},
  author={Van Leeuwen, Tristan and Mulder, WA},
  journal={Geophysical Journal International},
  volume={182},
  number={3},
  pages={1383--1394},
  year={2010},
  publisher={Blackwell Publishing Ltd Oxford, UK}
}

@article{luo1991wave,
  title={Wave-equation traveltime inversion},
  author={Luo, Yi and Schuster, Gerard T},
  journal={Geophysics},
  volume={56},
  number={5},
  pages={645--653},
  year={1991},
  publisher={Society of Exploration Geophysicists}
}

@article{kennett1991traveltimes,
  title={Traveltimes for global earthquake location and phase identification},
  author={Kennett, BLN and Engdahl, ER},
  journal={Geophysical Journal International},
  volume={105},
  number={2},
  pages={429--465},
  year={1991},
  publisher={Oxford University Press}
}

@article{engquist2013application,
  title={Application of the Wasserstein metric to seismic signals},
  author={Engquist, Bjorn and Froese, Brittany D},
  journal={arXiv preprint arXiv:1311.4581},
  year={2013}
}

@article{gee1992generalized,
  title={Generalized seismological data functionals},
  author={Gee, Lind S and Jordan, Thomas H},
  journal={Geophysical Journal International},
  volume={111},
  number={2},
  pages={363--390},
  year={1992},
  publisher={Blackwell Publishing Ltd Oxford, UK}
}

@article{zhou1995acoustic,
  title={Acoustic wave-equation traveltime and waveform inversion of crosshole seismic data},
  author={Zhou, Changxi and Cai, Wenying and Luo, Yi and Schuster, Gerard T and Hassanzadeh, Sia},
  journal={Geophysics},
  volume={60},
  number={3},
  pages={765--773},
  year={1995},
  publisher={Society of Exploration Geophysicists}
}

@article{chen2007full,
  title={Full 3D tomography for the crustal structure of the Los Angeles region},
  author={Chen, Po and Zhao, Li and Jordan, Thomas H},
  journal={Bulletin of the Seismological Society of America},
  volume={97},
  number={4},
  pages={1094--1120},
  year={2007},
  publisher={Seismological Society of America}
}

@article{engquist2020optimal,
  title={Optimal transport based seismic inversion: Beyond cycle skipping},
  author={Engquist, Bj{\"o}rn and Yang, Yunan},
  journal={Communications on Pure and Applied Mathematics},
  year={2020},
  publisher={Wiley Online Library}
}

@article{cuturi2013sinkhorn,
  title={Sinkhorn distances: Lightspeed computation of optimal transport},
  author={Cuturi, Marco},
  journal={Advances in neural information processing systems},
  volume={26},
  year={2013}
}

@inproceedings{grauman2004fast,
  title={Fast contour matching using approximate earth mover's distance},
  author={Grauman, Kristen and Darrell, Trevor},
  booktitle={Proceedings of the 2004 IEEE Computer Society Conference on Computer Vision and Pattern Recognition, 2004. CVPR 2004.},
  volume={1},
  pages={I--I},
  year={2004},
  organization={IEEE}
}

@inproceedings{shirdhonkar2008approximate,
  title={Approximate earth moverâs distance in linear time},
  author={Shirdhonkar, Sameer and Jacobs, David W},
  booktitle={2008 IEEE Conference on Computer Vision and Pattern Recognition},
  pages={1--8},
  year={2008},
  organization={IEEE}
}

@article{naor2007planar,
  title={Planar earthmover is not in l\_1},
  author={Naor, Assaf and Schechtman, Gideon},
  journal={SIAM Journal on Computing},
  volume={37},
  number={3},
  pages={804--826},
  year={2007},
  publisher={SIAM}
}

@inproceedings{pele2009fast,
  title={Fast and robust earth mover's distances},
  author={Pele, Ofir and Werman, Michael},
  booktitle={2009 IEEE 12th international conference on computer vision},
  pages={460--467},
  year={2009},
  organization={IEEE}
}

@article{sinkhorn1967diagonal,
  title={Diagonal equivalence to matrices with prescribed row and column sums},
  author={Sinkhorn, Richard},
  journal={The American Mathematical Monthly},
  volume={74},
  number={4},
  pages={402--405},
  year={1967},
  publisher={JSTOR}
}

@article{akccelik2003variational,
  title={A variational finite element method for source inversion for convective--diffusive transport},
  author={Ak{\c{c}}elik, Volkan and Biros, George and Ghattas, Omar and Long, Kevin R and van Bloemen Waanders, Bart},
  journal={Finite elements in analysis and design},
  volume={39},
  number={8},
  pages={683--705},
  year={2003},
  publisher={Elsevier}
}

@inproceedings{akcelik2003high,
  title={High resolution forward and inverse earthquake modeling on terascale computers},
  author={Akcelik, Vokan and Bielak, Jacobo and Biros, George and Epanomeritakis, Ioannis and Fernandez, Antonio and Ghattas, Omar and Kim, Eui Joong and Lopez, Julio and O'Hallaron, David and Tu, Tiankai and others},
  booktitle={Proceedings of the 2003 ACM/IEEE Conference on Supercomputing},
  pages={52},
  year={2003}
}

@article{li2014heat,
  title={Heat source identification based on $ l\_1 $ constrained minimization},
  author={Li, Yingying and Osher, Stanley and Tsai, Richard},
  journal={Inverse Problems \& Imaging},
  volume={8},
  number={1},
  pages={199},
  year={2014},
  publisher={American Institute of Mathematical Sciences}
}

@article{landa2011discovery,
  title={Discovery of point sources in the Helmholtz equation posed in unknown domains with obstacles},
  author={Landa, Yanina and Tanushev, Nicolay M and Tsai, Richard},
  journal={Communications in Mathematical Sciences},
  volume={9},
  number={3},
  pages={903--928},
  year={2011},
  publisher={International Press of Boston}
}

@article{sjogreen2014source,
  title={Source estimation by full wave form inversion},
  author={Sj{\"o}green, Bj{\"o}rn and Petersson, N Anders},
  journal={Journal of Scientific Computing},
  volume={59},
  number={1},
  pages={247--276},
  year={2014},
  publisher={Springer}
}

@incollection{wang2009simultaneous,
  title={Simultaneous full-waveform inversion for source wavelet and earth model},
  author={Wang, Ke and Krebs, Jerry R and Hinkley, Dave and Baumstein, Anatoly},
  booktitle={SEG Technical Program Expanded Abstracts 2009},
  pages={2537--2541},
  year={2009},
  publisher={Society of Exploration Geophysicists}
}

@article{kanamori2008source,
  title={Source inversion ofWphase: speeding up seismic tsunami warning},
  author={Kanamori, Hiroo and Rivera, Luis},
  journal={Geophysical Journal International},
  volume={175},
  number={1},
  pages={222--238},
  year={2008},
  publisher={Blackwell Publishing Ltd Oxford, UK}
}

@article{blewitt2009gps,
  title={GPS for real-time earthquake source determination and tsunami warning systems},
  author={Blewitt, Geoffrey and Hammond, William C and Kreemer, Corn{\'e} and Plag, Hans-Peter and Stein, Seth and Okal, Emile},
  journal={Journal of Geodesy},
  volume={83},
  number={3},
  pages={335--343},
  year={2009},
  publisher={Springer}
}

@article{yuan2020antinoise,
  title={Antinoise performance of time-reverse imaging conditions for microseismic location},
  author={Yuan, Jianlong and Yu, Jiashun and Fu, Xiaobo and Han, Chao},
  journal={Geophysics},
  volume={85},
  number={3},
  pages={KS75--KS87},
  year={2020},
  publisher={Society of Exploration Geophysicists}
}

@article{grand2002mantle,
  title={Mantle shear--wave tomography and the fate of subducted slabs},
  author={Grand, Steven P},
  journal={Philosophical Transactions of the Royal Society of London. Series A: Mathematical, Physical and Engineering Sciences},
  volume={360},
  number={1800},
  pages={2475--2491},
  year={2002},
  publisher={The Royal Society}
}

@article{pica1990nonlinear,
  title={Nonlinear inversion of seismic reflection data in a laterally invariant medium},
  author={Pica, A and Diet, JP and Tarantola, A},
  journal={Geophysics},
  volume={55},
  number={3},
  pages={284--292},
  year={1990},
  publisher={Society of Exploration Geophysicists}
}

@article{bunks1995multiscale,
  title={Multiscale seismic waveform inversion},
  author={Bunks, Carey and Saleck, Fatimetou M and Zaleski, S and Chavent, G},
  journal={Geophysics},
  volume={60},
  number={5},
  pages={1457--1473},
  year={1995},
  publisher={Society of Exploration Geophysicists}
}

@article{ravaut2004multiscale,
  title={Multiscale imaging of complex structures from multifold wide-aperture seismic data by frequency-domain full-waveform tomography: Application to a thrust belt},
  author={Ravaut, C and Operto, S and Improta, L and Virieux, J and Herrero, A and Dell'Aversana, P},
  journal={Geophysical Journal International},
  volume={159},
  number={3},
  pages={1032--1056},
  year={2004},
  publisher={Blackwell Publishing Ltd Oxford, UK}
}

@article{bleibinhaus2007structure,
  title={Structure of the California Coast Ranges and San Andreas Fault at SAFOD from seismic waveform inversion and reflection imaging},
  author={Bleibinhaus, Florian and Hole, John A and Ryberg, Trond and Fuis, Gary S},
  journal={Journal of Geophysical Research: Solid Earth},
  volume={112},
  number={B6},
  year={2007},
  publisher={Wiley Online Library}
}

@article{fichtner2009full,
  title={Full seismic waveform tomography for upper-mantle structure in the Australasian region using adjoint methods},
  author={Fichtner, Andreas and Kennett, Brian LN and Igel, Heiner and Bunge, Hans-Peter},
  journal={Geophysical Journal International},
  volume={179},
  number={3},
  pages={1703--1725},
  year={2009},
  publisher={Blackwell Publishing Ltd Oxford, UK}
}

@inproceedings{sun2020data,
  title={A data-driven choice of misfit function for FWI using reinforcement learning},
  author={Sun, Bingbing and Alkhalifah, Tariq},
  booktitle={EAGE 2020 Annual Conference \& Exhibition Online},
  volume={2020},
  number={1},
  pages={1--5},
  year={2020},
  organization={European Association of Geoscientists \& Engineers}
}

@article{gangbo2019unnormalized,
  title={Unnormalized optimal transport},
  author={Gangbo, Wilfrid and Li, Wuchen and Osher, Stanley and Puthawala, Michael},
  journal={Journal of Computational Physics},
  volume={399},
  pages={108940},
  year={2019},
  publisher={Elsevier}
}

@article{fomel2013madagascar,
  title={Madagascar: Open-source software project for multidimensional data analysis and reproducible computational experiments},
  author={Fomel, Sergey and Sava, Paul and Vlad, Ioan and Liu, Yang and Bashkardin, Vladimir},
  journal={Journal of Open Research Software},
  volume={1},
  number={1},
  year={2013},
  publisher={Ubiquity Press}
}

@article{metivier2022review,
  title={A review of the use of optimal transport distances for high resolution seismic imaging based on the full waveform},
  author={M{\'e}tivier, Ludovic and Brossier, Romain and Kpadonou, F{\'e}lix and Messud, J{\'e}r{\'e}mie and Pladys, Arnaud},
  journal={arXiv preprint arXiv:2204.08514},
  year={2022}
}

