@Article{canny,
  author = 	 {J[] Canny},
  title = 	 {A Computational Approach To Edge Detection},
  journal = 	 {IEEE Trans. Pattern Analysis and Machine Intelligence},
  year = 	 1986,
  volume = 	 8,
  pages = 	 {679-714}
}

@inproceedings{tomasi,
  author =	 {C[] Tomasi and R[] Manduchi},
  title = 	 {Bilateral filtering for gray and color images},
  booktitle =    {Proceedings of IEEE International Conference on Computer Vision},
  year = 	 {1998},
  publisher =    {IEEE},
  pages =        {836-846}
}

@Article{gilboa,
  author = 	 {G[uy] Gilboa and S[tanley] Osher},
  title = 	 {Nonlocal operators with applications to image processing},
  journal = 	 {Multiscale Model \& Simulation },
  pages =        {1005-1028},
  volume =       7,
  year = 	 2008
}

@inproceedings{icassp,
   author = {S[] Fomel and G[] Hennenfent},
   booktitle = {32nd International Conference on Acoustics,
  Speech, and Signal Processing (ICASSP)},
   pages = {1257-1260},
   publisher = {IEEE},
   title = {Reproducible computational
  experiments using {SCons}},
   year = 2007
}
